@article{Reed-Solomon-original,
        author = {Reed, I. S. and Solomon, G.},
        title = {Polynomial Codes Over Certain Finite Fields},
        journal = {Journal of the Society for Industrial and Applied Mathematics},
        volume = {8},
        number = {2},
        pages = {300-304},
        year = {1960},
        doi = {10.1137/0108018},
        URL = {
                https://doi.org/10.1137/0108018
        },
        eprint = {
                https://doi.org/10.1137/0108018
        }
}

@article{Ethernet,
        author={},
        journal={IEEE Std 802.3-2022 (Revision of IEEE Std 802.3-2018)},
        title={IEEE Standard for Ethernet},
        year={2022},
        volume={},
        number={},
        pages={1-7025},
        doi={10.1109/IEEESTD.2022.9844436}
}

@misc{Berlekamp-Welch,
        author={Welch, Lloyd R. and Berlekamp, Elwyn R.},
        title={Error correction for algebraic block codes},
        year={U.S. Patent 4 633 470, Dec. 30, 1986},
        number={4633470A},
        nationality={United States}
}

@book{Computer-networks-Tanenbaum,
        author         = {Andrew Tanenbaum Nick Feamster David Wetherall},
        editor         = {},
        publisher      = {Pearson},
        title          = {Computer Networks, Sixth edition},
        year           = {Mar. 3, 2021}
}

@mastersthesis{Reed-Solomon-Encoding-Decoding,
        type    = {Bachelor's Thesis},
        author  = "Le√≥n van de Pavert",
        title   = "REED-SOLOMON ENCODING AND DECODING",
        school  = "Turku University of Applied Sciences",
        year    = "2011",
        url     = "https://www.theseus.fi/bitstream/handle/10024/32913/Reed-Solomon%20Encoding%20and%20Decoding.pdf"
}

@misc{Intel-pam4,
        author={Intel Corp.},
        title={AN 835: PAM4 Signaling Fundamentals},
        year={Dec. 3, 2019},
        number={683852},
        nationality={}
}

@article{Higher-order-modulation,
        author={Di Che, Xi Chen},
        journal={Journal of Lightwave Technology},
        title={Higher-Order Modulation vs Faster-Than-Nyquist PAM-4 for Datacenter IM-DD Optics: An AIR Comparison Under Practical Bandwidth Limits},
        year={2022},
        volume={40},
        number={10},
        pages={1-11}
}

@techreport{TIA/EIA-568-B,
        type = {Standard},
        key = {TIA/EIA-568-B.2-2001},
        month = may,
        year = {2001},
        title = {{Commercial Building Telecommunications Cabling Standard -- Part 2: Balanced Twisted-Pair Cabling Components}},
        institution = {Telecommunications Industry Association},
}

@electronic{IEEE-cabling,
        author = "Luc Adriaenssens",
        title = "A closer look at Channel Insertion Loss",
        note = "\url{https://www.ieee802.org/3/an/public/mar04/adriaenssens_1_0304.pdf}"
}
